% http://www.beegfs.de/docs/whitepapers/Introduction_to_BeeGFS_by_ThinkParQ.pdf
@article{heichler2014introduction,
  title={An introduction to BeeGFS},
  author={Heichler, Jan},
  journal={Introductionto BeeGFS by ThinkParQ. pdf},
  year={2014}
}

% https://library.oapen.org/bitstream/handle/20.500.12657/39588/1/2020_Book_SupercomputingFrontiers.pdf#page=11
@inproceedings{abramson2020beegfs,
  title={A BeeGFS-based caching file system for data-intensive parallel computing},
  author={Abramson, David and Jin, Chao and Luong, Justin and Carroll, Jake},
  booktitle={Asian Conference on Supercomputing Frontiers},
  pages={3--22},
  year={2020},
  organization={Springer International Publishing Cham}
}

% https://dl.acm.org/doi/pdf/10.1145/3337821.3337902
@inproceedings{chowdhury2019characterization,
  title={I/o characterization and performance evaluation of beegfs for deep learning},
  author={Chowdhury, Fahim and Zhu, Yue and Heer, Todd and Paredes, Saul and Moody, Adam and Goldstone, Robin and Mohror, Kathryn and Yu, Weikuan},
  booktitle={Proceedings of the 48th International Conference on Parallel Processing},
  pages={1--10},
  year={2019}
}

@online{iozoneexample,
  author = {Ramesh Natarajan},
  title = {10 iozone Examples for Disk I/O Performance Measurement on Linux},
  year = 2011,
  url = {https://www.thegeekstuff.com/2011/05/iozone-examples/},
  urldate = {2011-05-02}
}

@online{beegfsdocs,
  title = {BeeGFS Documentation 7.4.0},
  year = 2023,
  url = {https://doc.beegfs.io/latest/index.html}
}